@article{feldmancousin,
      author         = "Feldman, Gary J. and Cousins, Robert D.",
      title          = "{A Unified approach to the classical statistical analysis
                        of small signals}",
      journal        = "Phys.Rev.",
      volume         = "D57",
      pages          = "3873-3889",
      doi            = "10.1103/PhysRevD.57.3873",
      year           = "1998",
      eprint         = "physics/9711021",
      archivePrefix  = "arXiv",
      primaryClass   = "physics.data-an",
      reportNumber   = "HUTP-97-A096",
      SLACcitation   = "%%CITATION = PHYSICS/9711021;%%",                       
}


@article{Fukushima:2013yea,
      author         = "Fukushima, M.",
      title          = "{Measurement of Ultra-High Energy Cosmic Rays: An
                        Experimental Summary and Prospects}",
      journal        = "EPJ Web Conf.",
      volume         = "53",
      pages          = "02002",
      doi            = "10.1051/epjconf/20135302002",
      year           = "2013",
      eprint         = "1302.5893",
      archivePrefix  = "arXiv",
      primaryClass   = "astro-ph.HE",
      SLACcitation   = "%%CITATION = ARXIV:1302.5893;%%",                       
}

@article{allanreview,
      author         = "H.~R. Allan",
      journal        = "Prog. in Element. Part. and Cos. Ray Phys.",
      volume         = "10",
      pages          = "171",
      year           = "1971",
}

@article{jelley65,
      author         = "Jelley, J.~V. and Fruin, J.~H. and Porter, N.~A. and We\
ekes, F.~G. and Porter, R.~A.",
      journal        = "Nature",
      volume         = "205",
      pages          = "327",
      year           = "1965",
}

@article{Falcke:2005tc,
      author         = "Falcke, H. and others",
      title          = "{Detection and imaging of atmospheric radio flashes from
                        cosmic ray air showers}",
      collaboration  = "LOPES ",
      journal        = "Nature",
      volume         = "435",
      pages          = "313-316",
      doi            = "10.1038/nature03614",
      year           = "2005",
      eprint         = "astro-ph/0505383",
      archivePrefix  = "arXiv",
      primaryClass   = "astro-ph",
      SLACcitation   = "%%CITATION = ASTRO-PH/0505383;%%",                           
}

@article{Ardouin:2005xm,
      author         = "Ardouin, D. and Belletoile, A. and Charrier, D. and
                        Dallier, R. and Denis, L. and others",
      title          = "{Radio-detection signature of high-energy cosmic rays by
                        the CODALEMA experiment}",
      journal        = "Nucl.Instrum.Meth.",
      volume         = "A555",
      pages          = "148-163",
      doi            = "10.1016/j.nima.2005.08.096",
      year           = "2005",
      SLACcitation   = "%%CITATION = NUIMA,A555,148;%%",                             
}

@article{Revenu:2013ffa,
      author         = "Revenu, Beno√Æt",
      title          = "{Overview of MHz air shower radio experiments and
                        results}",
      year           = "2013",
      eprint         = "1302.2733",
      archivePrefix  = "arXiv",
      primaryClass   = "astro-ph.HE",
      SLACcitation   = "%%CITATION = ARXIV:1302.2733;%%",                            
}


@article{augerradioemission,
      author         = "Aab, Alexander and others",
      title          = "{Probing the radio emission from air showers with
                        polarization measurements}",
      collaboration  = "Pierre Auger",
      journal        = "Phys.Rev.",
      number         = "5",
      volume         = "D89",
      pages          = "052002",
      doi            = "10.1103/PhysRevD.89.052002",
      year           = "2014",
      eprint         = "1402.3677",
      archivePrefix  = "arXiv",
      primaryClass   = "astro-ph.HE",
      reportNumber   = "FERMILAB-PUB-14-030-AD-AE-CD-TD",
      SLACcitation   = "%%CITATION = ARXIV:1402.3677;%%",
}

@article{Gorham,
      author         = "Gorham, P.W. and Lehtinen, N.G. and Varner, G.S. and
                        Beatty, J.J. and Connolly, A. and others",
      title          = "{Observations of Microwave Continuum Emission from Air
                        Shower Plasmas}",
      journal        = "Phys.Rev.",
      volume         = "D78",
      pages          = "032007",
      doi            = "10.1103/PhysRevD.78.032007",
      year           = "2008",
      eprint         = "0705.2589",
      archivePrefix  = "arXiv",
      primaryClass   = "astro-ph",
      reportNumber   = "SLAC-PUB-14654",
      SLACcitation   = "%%CITATION = ARXIV:0705.2589;%%",                            
}

@article{augertechnical,
      collaboration  = "Pierre Auger",
      title          = "{The Pierre Auger Cosmic Ray Observatory}",
      journal        = "NIM A",
      volume         = "",
      pages          = "",
      doi            = "",
      year           = "2015",
      eprint         = "1502.01323",
      archivePrefix  = "arXiv",
      primaryClass   = "astro-ph",
      SLACcitation   = "%%CITATION = ARXIV:1502.01323;%%",                            
}

@book{otoshidanslacolle,
   Author    = {Tom Y. Otoshi},
   Title     = {``Noise Temperature Theory and Applications for Deep Space Communica\
tions Antenna Systems``},
   Publisher = {Artech House},
   Year      = {2008},
}


@article{crome,
      author         = "Smida, R. and others",
      title          = "{First results of the CROME experiment}",
      collaboration  = "CROME ",
      year           = "2011",
      eprint         = "1108.0588",
      archivePrefix  = "arXiv",
      primaryClass   = "hep-ex",
      SLACcitation   = "%%CITATION = ARXIV:1108.0588;%%",                            
}

@article{anita,
  title = {Observational constraints on ultra-high energy cosmic neutrino flux from \
the second flight of the ANITA experiment},
  author = {Gorham, P. W. and others},
  collaboration = {Anita },
  journal = {Phys. Rev. D},
  volume = {82},
  pages = {022004},
  numpages = {9},
  year = {2010},
}

@ARTICLE{huegeicrc2013,
   author = {{Huege}, T.},
    title = "{The Renaissance of Radio Detection of Cosmic Rays}",
  journal = {Brazilian Journal of Physics},
archivePrefix = "arXiv",
   eprint = {1310.6927},
 primaryClass = "astro-ph.IM",
 keywords = {Radio detection, Cosmic rays},
     year = 2014,
    month = oct,
   volume = 44,
    pages = {520-529},
      doi = {10.1007/s13538-014-0226-6},
   adsurl = {http://adsabs.harvard.edu/abs/2014BrJPh..44..520H},
  adsnote = {Provided by the SAO/NASA Astrophysics Data System}
}


@ARTICLE{nobeyamaobs, 
   title = {Nobeyama Radio Observatory (http://solar.nro.nao.ac.jp/norp/html/policy_new.html)},
}

@ARTICLE{nasa, 
   title = {Nasa Space Physics Data Facility (http://omniweb.gsfc.nasa.gov/form/dx1.html)}
}

@ARTICLE{solarflux, 
   title = {http://www.spaceacademy.net.au/spacelink/solrfi/solrfi.htm} 
}

@ARTICLE{PStempnote, 
   author= {Patrick Stassi},
   title = {TechEAS 06A - Dependances en temperature 08fev12.pdf}
}




